<?xml version="1.0" encoding="UTF-8" ?><xb:digital_entity_call xmlns:xb="http://com/exlibris/digitool/repository/api/xmlbeans"><xb:digital_entity><pid>88045</pid><control><label>Niederlová, Markéta</label><note>FF UK</note><ingest_id xsi:nil="true" xmlns:xsi="http://www.w3.org/2001/XMLSchema-instance"/><ingest_name xsi:nil="true" xmlns:xsi="http://www.w3.org/2001/XMLSchema-instance"/><entity_type>COMPLEX</entity_type><entity_group xsi:nil="true" xmlns:xsi="http://www.w3.org/2001/XMLSchema-instance"/><usage_type>VIEW_MAIN</usage_type><preservation_level>any</preservation_level><partition_a>zamek4psycho</partition_a><partition_b xsi:nil="true" xmlns:xsi="http://www.w3.org/2001/XMLSchema-instance"/><partition_c>ckis_ok</partition_c><status xsi:nil="true" xmlns:xsi="http://www.w3.org/2001/XMLSchema-instance"/><creation_date>2010-01-13 14:22:42</creation_date><creator>super:PARMOVA</creator><modification_date>2013-05-24 15:01:20</modification_date><modified_by>viewer:internal</modified_by><admin_unit>DUR01</admin_unit></control><mds><md shared="true"><mid>308758</mid><description xsi:nil="true" xmlns:xsi="http://www.w3.org/2001/XMLSchema-instance"/><name>accessrights</name><type>rights_md</type><value><![CDATA[<?xml version="1.0" encoding="UTF-8"?>
<ar:access_right_md xmlns:ar="http://com/exlibris/digitool/repository/api/xmlbeans" enabled="true">
  <ar_copyrights required="false">
    <text_file></text_file>
  </ar_copyrights>
  <ar_conditions>
    <ar_condition negate="false">
      <ar_expressions>
        <ar_expression negate="false" ar_operation="within">
          <key>ip_range</key>
          <val1>78.128.206.233</val1>
          <val2>78.128.206.233</val2>
        </ar_expression>
      </ar_expressions>
    </ar_condition>
  </ar_conditions>
</ar:access_right_md>]]></value></md><md shared="false"><mid>155534</mid><description> </description><name>descriptive</name><type>marc</type><value><![CDATA[<record xmlns="http://www.loc.gov/MARC21/slim" xmlns:xsi="http://www.w3.org/2001/XMLSchema-instance" xsi:schemaLocation="http://www.loc.gov/MARC21/slim http://www.loc.gov/standards/marcxml/schema/MARC21slim.xsd"><leader>01092ctm a22003137a 4500</leader><controlfield tag="FMT">BK</controlfield><controlfield tag="001">000789059</controlfield><controlfield tag="003">CZ PrCU</controlfield><controlfield tag="005">20100113142836.0</controlfield><controlfield tag="008">030109s2002    xr |||||r|||||||||||cze|d</controlfield><datafield tag="040" ind1=" " ind2=" "><subfield code="a">ABD001</subfield><subfield code="b">cze</subfield><subfield code="c">ABD001</subfield><subfield code="d">ABD001</subfield></datafield><datafield tag="100" ind1="1" ind2=" "><subfield code="a">Niederlová, Markéta</subfield><subfield code="4">dis</subfield></datafield><datafield tag="245" ind1="1" ind2="0"><subfield code="a">Životní smysluplnost, osobní příčinná orientace a duševní pohoda v normě a patologii</subfield><subfield code="h">[rukopis] /</subfield><subfield code="c">Markéta Niederlová ; školitel práce Jan Srnec</subfield></datafield><datafield tag="260" ind1=" " ind2=" "><subfield code="a">Praha,</subfield><subfield code="c">2002</subfield></datafield><datafield tag="300" ind1=" " ind2=" "><subfield code="a">131 s., příl.</subfield></datafield><datafield tag="500" ind1=" " ind2=" "><subfield code="a">Práce zcela neodpovídá originálu</subfield></datafield><datafield tag="502" ind1=" " ind2=" "><subfield code="a">Disertační práce (PhD.)--Univerzita Karlova. Filozofická fakulta. Katedra psychologie, 2002</subfield></datafield><datafield tag="540" ind1=" " ind2=" "><subfield code="a">Elektronická verze disertační práce je přístupná pouze po dohodě s autorkou. Kontaktujte, prosím, Knihovnu psychologických a sociokulturních věd</subfield></datafield><datafield tag="650" ind1="0" ind2="7"><subfield code="a">Deprese</subfield><subfield code="2">phffuk</subfield></datafield><datafield tag="650" ind1="0" ind2="7"><subfield code="a">lidská psychika</subfield><subfield code="2">phffuk</subfield></datafield><datafield tag="650" ind1="0" ind2="7"><subfield code="a">klinická psychologie</subfield><subfield code="2">phffuk</subfield></datafield><datafield tag="650" ind1="0" ind2="7"><subfield code="a">Psychopatologie</subfield><subfield code="2">phffuk</subfield></datafield><datafield tag="650" ind1="0" ind2="7"><subfield code="a">Smysl života</subfield><subfield code="2">phffuk</subfield></datafield><datafield tag="650" ind1="0" ind2="7"><subfield code="a">duševní zdraví</subfield><subfield code="2">phffuk</subfield></datafield><datafield tag="655" ind1=" " ind2="4"><subfield code="a">dizertace</subfield></datafield><datafield tag="700" ind1="1" ind2=" "><subfield code="a">Srnec, Jan,</subfield><subfield code="d">1928-</subfield><subfield code="7">jn20000710585</subfield><subfield code="4">ths</subfield></datafield><datafield tag="710" ind1="2" ind2=" "><subfield code="a">Univerzita Karlova.</subfield><subfield code="b">Katedra psychologie</subfield><subfield code="7">xx0010498</subfield></datafield><datafield tag="980" ind1=" " ind2=" "><subfield code="a">application.pdf</subfield></datafield><datafield tag="981" ind1=" " ind2=" "><subfield code="a">dz</subfield></datafield><datafield tag="910" ind1=" " ind2=" "><subfield code="a">ABD001</subfield></datafield><controlfield tag="998">000789059</controlfield><datafield tag="SID" ind1=" " ind2=" "><subfield code="a">Z39</subfield><subfield code="b">CKS01</subfield></datafield></record>]]></value></md></mds><relations><relation><type>include</type><pid>88046</pid></relation><relation><type>include</type><pid>88049</pid></relation><relation><type>include</type><pid>88052</pid></relation><relation><type>manifestation</type><pid>526528</pid></relation></relations><stream_ref><file_name xsi:nil="true" xmlns:xsi="http://www.w3.org/2001/XMLSchema-instance"/><file_extension xsi:nil="true" xmlns:xsi="http://www.w3.org/2001/XMLSchema-instance"/><mime_type xsi:nil="true" xmlns:xsi="http://www.w3.org/2001/XMLSchema-instance"/><directory_path xsi:nil="true" xmlns:xsi="http://www.w3.org/2001/XMLSchema-instance"/><file_id xsi:nil="true" xmlns:xsi="http://www.w3.org/2001/XMLSchema-instance"/><storage_id>-1</storage_id><external_type>0</external_type><file_size_bytes>0</file_size_bytes></stream_ref></xb:digital_entity></xb:digital_entity_call>